<record><leader>00000cas a22000007a 4500</leader><controlfield tag="001">15130347</controlfield><controlfield tag="008">870129d18551857iauwr ne      0    0eng d</controlfield><datafield ind1=" " ind2=" " tag="010"><subfield code="a">sn 87058014 </subfield></datafield><datafield ind1=" " ind2=" " tag="040"><subfield code="a">INP</subfield><subfield code="b">eng</subfield><subfield code="c">INP</subfield><subfield code="d">OCLCQ</subfield></datafield><datafield ind1=" " ind2=" " tag="042"><subfield code="a">msc</subfield></datafield><datafield ind1="0" ind2=" " tag="130"><subfield code="a">Democratic mirror (Vernon, Iowa)</subfield></datafield><datafield ind1="1" ind2="0" tag="245"><subfield code="a">Democratic mirror.</subfield></datafield><datafield ind1="1" ind2="3" tag="246"><subfield code="a">Mirror</subfield><subfield code="f">&lt;Oct. 17, 1856-Dec. 18, 1857&gt;</subfield></datafield><datafield ind1=" " ind2=" " tag="260"><subfield code="a">Vernon, Iowa :</subfield><subfield code="b">J.S. Shepherd</subfield></datafield><datafield ind1=" " ind2=" " tag="300"><subfield code="a">v. :</subfield><subfield code="b">ill.</subfield></datafield><datafield ind1=" " ind2=" " tag="310"><subfield code="a">Weekly</subfield></datafield><datafield ind1="1" ind2=" " tag="362"><subfield code="a">Began in Dec. 1855; ceased in Dec. 1857.</subfield><subfield code="z">Cf. Bibl. of Iowa newspapers.</subfield></datafield><datafield ind1=" " ind2=" " tag="500"><subfield code="a">Publisher varies.</subfield></datafield><datafield ind1=" " ind2=" " tag="500"><subfield code="a">Published in Keosauqua, Iowa, &lt;Oct. 17, 1856-Dec. 18, 1857&gt;.</subfield></datafield><datafield ind1=" " ind2=" " tag="588"><subfield code="a">Description based on: Vol. 1, no. 3 (Dec. 21, 1855).</subfield></datafield><datafield ind1=" " ind2=" " tag="752"><subfield code="a">United States</subfield><subfield code="b">Iowa</subfield><subfield code="c">Van Buren</subfield><subfield code="d">Vernon.</subfield></datafield><datafield ind1=" " ind2=" " tag="752"><subfield code="a">United States</subfield><subfield code="b">Iowa</subfield><subfield code="c">Van Buren</subfield><subfield code="d">Keosauqua.</subfield></datafield><datafield ind1="0" ind2="0" tag="780"><subfield code="t">Democratic union (Keosauqua, Iowa)</subfield><subfield code="w">(DLC)sn 87058013</subfield></datafield><datafield ind1="0" ind2="0" tag="785"><subfield code="t">Valley weekly news</subfield><subfield code="w">(DLC)sn 86060127</subfield></datafield></record>